Tout ce qui n'est pas dans la référence est un commentaire.
Ci-dessous: example d'une références de "type" article avec les champs OBLIGATOIRS à remplir. Il y a des champs optionels comme: volume, number, pages, month, note.
Ce document doit être sauvé dans le même directoire que le document et le document doit inclure à sa fin (mais quand même avant le \end{document}):

\bibliographystyle{plain}
\bibliography{nomdufichierderéférence}

@article{example,
    author    = "",
    title     = "",
    journal   = "",
    year      = "XXXX",
}

@misc{WikiServo,
      author = "From Wikipedia, the free encyclopedia",
      title = "Servo control",
      month = "Octobre",
      year = "2012",
      url = "http://en.wikipedia.org/wiki/Servo_control",
}

@misc{RobotRoom,
      author = "Robot Room",
      title = "H-Bridge Motor Driver Using Bipolar Transistors",
      year = "??",
      url = "http://www.robotroom.com/BipolarHBridge.html",
}

@misc{RaspberryPiCaracteristiques,
	author = "From Wikipedia, the free encyclopedia",
	title = "Raspberry Pi",
	year = "??",
	url = "http://en.wikipedia.org/wiki/Raspberry_Pi"
}

@misc{Arduino,
	author = "Arduino Team",
	title = "Arduino Spec.",
	year = "??",
	url = "http://arduino.cc/en/Main/ArduinoBoardUno"
}

@misc{l293dDataSheet,
	author = "Texas Instrument",
	title = "L293, L293D QUADRUPLE HALF-H DRIVERS",
	year = "2002",
month = "Juin",
	url = "http://idmax.free.fr/Aide/Stepper/l293.pdf"
}
